@misc{nasa2014srtm1sdem,
  author={{NASA LP DAAC}},
  title={SRTM 1 Arc-Second Global},
  year={2000},
  address={NASA EOSDIS Land Processes DAAC, USGS Earth Resources Observation and Science (EROS) Center, Sioux Falls, South Dakota},
  howpublished={\url{https://earthexplorer.usgs.gov/}},
  note={published September 2014, accessed May 2016}
}
@article{bishop1995drainage,
  title={Drainage rearrangement by river capture, beheading and diversion},
  author={Bishop, Paul},
  journal={Progress in physical geography},
  volume={19},
  number={4},
  pages={449--473},
  year={1995},
  publisher={Sage Publications Sage CA: Thousand Oaks, CA}
}
@article{sun2007fast,
  title={Fast and effective feature-preserving mesh denoising},
  author={Sun, Xianfang and Rosin, Paul and Martin, Ralph and Langbein, Frank},
  journal={IEEE Transactions on Visualization \& Computer Graphics},
  number={5},
  pages={925--938},
  year={2007},
  publisher={IEEE}
}
@article{burgos2014modelos,
  title={Modelos digitales de elevaci{\'o}n: Tendencias, correcciones hidrol{\'o}gicas y nuevas fuentes de informaci{\'o}n},
  author={Burgos, Victor H and Salcedo, Ana Paula},
  journal={Encuentro de Investigadores en Formaci{\'o}n en Recursos H{\'\i}dricos (2, 2014, Ezeiza, Buenos Aires, Argentina). Disponible en: http://www. ina. gov. ar/ifrh-2014/Eje1/1.11. pdf. Consultado},
  volume={1},
  number={10},
  pages={2015},
  year={2014}
}
@online{addonrwater,
  author = {{GRASS Development Team}},
  title = {r.watershed - Calculates hydrological parameters and RUSLE factors},
  year = 2003,
  url = {https://grass.osgeo.org/grass76/manuals/r.watershed.html},
  urldate = {2021-04-02}
}
@online{addonrwateroutlet,
  author = {{GRASS Development Team}},
  title = {r.water.outlet - Creates watershed basins from a drainage direction map},
  year = 2003,
  url = {https://grass.osgeo.org/grass78/manuals/r.water.outlet.html},
  urldate = {2021-04-02}
}
@online{mapview,
  author = {{Tim Appelhans and others}},
  title = {mapview: Interactive Viewing of Spatial Data in R},
  year = 2020,
  url = {https://cran.r-project.org/web/packages/mapview/index.html},
  urldate = {2021-04-12}
}
@online{addonrstreamextract,
  author = {{GRASS Development Team}},
  title = {Performs stream network extraction},
  year = 2003,
  url = {https://grass.osgeo.org/grass78/manuals/r.stream.extract.html},
  urldate = {2021-04-12}
}
@online{addonrstream,
  author = {{GRASS Development Team}},
  title = {R.stream.* modules},
  year = 2003,
  url = {https://grasswiki.osgeo.org/wiki/R.stream.*_modules},
  urldate = {2021-04-12}
}
@online{addonrstreamorder,
  author = {{GRASS Development Team}},
  title = {Calculates Strahler's and more streams hierarchy},
  year = 2003,
  url = {https://grass.osgeo.org/grass78/manuals/addons/r.stream.order.html},
  urldate = {2021-04-12}
}'
@online{addonrstreambasins,
  author = {{GRASS Development Team}},
  title = {Delineates basins according stream network},
  year = 2003,
  url = {https://grass.osgeo.org/grass78/manuals/addons/r.stream.basins.html},
  urldate = {2021-04-12}
}
@online{addonrstreamstats,
  author = {{GRASS Development Team}},
  title = {Calculates Horton's statistics for Strahler and Horton ordered networks created with r.stream.order},
  year = 2003,
  url = {https://grass.osgeo.org/grass78/manuals/addons/r.stream.stats.html},
  urldate = {2021-04-12}
}
@online{MedioAmbiente,
  author = {{Ministerio de Medio ambiente y Recursos naturales}},
  title = {Macas√≠a},
  year = 2016,
  url = {https://ambiente.gob.do/cuencas-hidrograficas/macasia/},
  urldate = {2021-04-28}
}
@article{lux2016conceptos,
  title={Conceptos b{\'a}sicos de Morfometr{\'\i}a de Cuencas Hidrogr{\'a}ficas},
  author={Lux Cardona, Benjam{\'\i}n},
  year={2016},
  publisher={Facultad de Ingenier{\'\i}a/Universidad de San Carlos de Guatemala}
}
@article{ibanez2011morfologia,
  title={Morfolog{\'\i}a de las cuencas hidrol{\'o}gicas},
  author={Iba{\~n}ez Asensio, Sara and Moreno Ram{\'o}n, H{\'e}ctor and Gisbert Blanquer, Juan Manuel},
  year={2011},
  publisher={Universitat Polit{\`e}cnica de Val{\`e}ncia}
}
@inbook{GutierrezElorza,
 chapter = "8",
 title = "Geomorfologia Fluvia I",
 author = "M. Gutierrez Elorza",
 booktitle = "Geomorfologia",
 publisher = "Pearson Educacion",
 pages = "279-283",
 year = 2008
 }
 